@inproceedings{ghahramani2006infinite,
  title={Infinite latent feature models and the Indian buffet process},
  author={Ghahramani, Zoubin and Griffiths, Thomas L},
  booktitle={Advances in neural information processing systems},
  pages={475--482},
  year={2006}
}

@inproceedings{doshi2009variational,
  title={Variational inference for the Indian buffet process},
  author={Doshi, Finale and Miller, Kurt and Van Gael, Jurgen and Teh, Yee Whye},
  booktitle={Artificial Intelligence and Statistics},
  pages={137--144},
  year={2009}
}

@techreport{doshi2009report,
  title={Variational inference for the Indian buffet process},
  author={Doshi, Finale and Miller, Kurt and Van Gael, Jurgen and Teh, Yee Whye},
  url={http://mlg.eng.cam.ac.uk/pub/pdf/DosMilVanTeh09b.pdf},
  number={CBL-2009-001},
  year={2009}
}

@inproceedings{teh2007stick,
  title={Stick-breaking construction for the Indian buffet process},
  author={Teh, Yee Whye and G\"{o}r\"{u}r, Dilan and Ghahramani, Zoubin},
  booktitle={Artificial Intelligence and Statistics},
  pages={556--563},
  year={2007}
}

@inproceedings{doshi2009accelerated,
  title={Accelerated sampling for the Indian buffet process},
  author={Doshi-Velez, Finale and Ghahramani, Zoubin},
  booktitle={Proceedings of the 26th annual international conference on machine learning},
  pages={273--280},
  year={2009},
  organization={ACM}
}

@inproceedings{wood2007particle,
  title={Particle filtering for nonparametric Bayesian matrix factorization},
  author={Wood, Frank and Griffiths, Thomas L},
  booktitle={Advances in neural information processing systems},
  pages={1513--1520},
  year={2007}
}

@inproceedings{meeds2007modeling,
  title={Modeling dyadic data with binary latent factors},
  author={Meeds, Edward and Ghahramani, Zoubin and Neal, Radford M and Roweis, Sam T},
  booktitle={Advances in neural information processing systems},
  pages={977--984},
  year={2007}
}

@article{hoffman2013stochastic,
  title={Stochastic variational inference},
  author={Hoffman, Matthew D and Blei, David M and Wang, Chong and Paisley, John},
  journal={The Journal of Machine Learning Research},
  volume={14},
  number={1},
  pages={1303--1347},
  year={2013},
  publisher={JMLR. org}
}

@book{beal2003variational,
  title={Variational algorithms for approximate Bayesian inference},
  author={Beal, Matthew James and others},
  year={2003},
  publisher={university of London London}
}

@article{wainwright2008graphical,
  title={Graphical models, exponential families, and variational inference},
  author={Wainwright, Martin J and Jordan, Michael I and others},
  journal={Foundations and Trends{\textregistered} in Machine Learning},
  volume={1},
  number={1--2},
  pages={1--305},
  year={2008},
  publisher={Now Publishers, Inc.}
}

@inproceedings{shah2015empirical,
  title={An empirical study of stochastic variational inference algorithms for the beta Bernoulli process},
  author={Shah, Amar and Knowles, David and Ghahramani, Zoubin},
  booktitle={International Conference on Machine Learning},
  pages={1594--1603},
  year={2015}
}

@article{singhstructured,
  title={Structured Variational Autoencoders for the Beta-Bernoulli Process},
  author={Singh, Rachit and Ling, Jeffrey and Doshi-Velez, Finale},
  year={2017}
}

@inproceedings{chatzis2018indian,
  title={Indian Buffet Process Deep Generative Models for Semi-Supervised Classification},
  author={Chatzis, Sotirios P},
  booktitle={2018 IEEE International Conference on Acoustics, Speech and Signal Processing (ICASSP)},
  pages={2456--2460},
  year={2018},
  organization={IEEE}
}

@article{fanscalable,
  title={Scalable Non-linear Beta Process Factor Analysis},
  author={Fan, Kai and Heller, Katherine},
  year={2015},
}

@article{kim2018semi,
  title={Semi-Amortized Variational Autoencoders},
  author={Kim, Yoon and Wiseman, Sam and Miller, Andrew C and Sontag, David and Rush, Alexander M},
  journal={arXiv preprint arXiv:1802.02550},
  year={2018}
}

@inproceedings{krishnan2018challenges,
  title={On the challenges of learning with inference networks on sparse, high-dimensional data},
  author={Krishnan, Rahul and Liang, Dawen and Hoffman, Matthew},
  booktitle={International Conference on Artificial Intelligence and Statistics},
  pages={143--151},
  year={2018}
}

@inproceedings{hjelm2016iterative,
  title={Iterative refinement of the approximate posterior for directed belief networks},
  author={Hjelm, Devon and Salakhutdinov, Ruslan R and Cho, Kyunghyun and Jojic, Nebojsa and Calhoun, Vince and Chung, Junyoung},
  booktitle={Advances in Neural Information Processing Systems},
  pages={4691--4699},
  year={2016}
}

@article{cremer2018inference,
  title={Inference suboptimality in variational autoencoders},
  author={Cremer, Chris and Li, Xuechen and Duvenaud, David},
  journal={arXiv preprint arXiv:1801.03558},
  year={2018}
}

@inproceedings{maaloe2016auxiliary,
  title={Auxiliary deep generative models},
  author={Maal{\o}e, Lars and S{\o}nderby, Casper Kaae and S{\o}nderby, S{\o}ren Kaae and Winther, Ole},
  booktitle={Proceedings of the 33rd International Conference on International Conference on Machine Learning-Volume 48},
  pages={1445--1454},
  year={2016},
  organization={JMLR. org}
}